@article{darling2010progressivemauve,
  title={progressiveMauve: multiple genome alignment with gene gain, loss and rearrangement},
  author={Darling, Aaron E and Mau, Bob and Perna, Nicole T},
  journal={PloS one},
  volume={5},
  number={6},
  pages={e11147},
  year={2010},
  publisher={Public Library of Science San Francisco, USA}
}
@article{armstrong2020progressive,
  title={Progressive Cactus is a multiple-genome aligner for the thousand-genome era},
  author={Armstrong, Joel and Hickey, Glenn and Diekhans, Mark and Fiddes, Ian T and Novak, Adam M and Deran, Alden and Fang, Qi and Xie, Duo and Feng, Shaohong and Stiller, Josefin and others},
  journal={Nature},
  volume={587},
  number={7833},
  pages={246--251},
  year={2020},
  publisher={Nature Publishing Group}
}
@article{roberts2004reducing,
  title={Reducing storage requirements for biological sequence comparison},
  author={Roberts, Michael and Hayes, Wayne and Hunt, Brian R and Mount, Stephen M and Yorke, James A},
  journal={Bioinformatics},
  volume={20},
  number={18},
  pages={3363--3369},
  year={2004},
  publisher={Oxford University Press}
}
@article{li2018minimap2,
  title={Minimap2: pairwise alignment for nucleotide sequences},
  author={Li, Heng},
  journal={Bioinformatics},
  volume={34},
  number={18},
  pages={3094--3100},
  year={2018},
  publisher={Oxford University Press}
}
@article{marccais2018mummer4,
  title={MUMmer4: A fast and versatile genome alignment system},
  author={Mar{\c{c}}ais, Guillaume and Delcher, Arthur L and Phillippy, Adam M and Coston, Rachel and Salzberg, Steven L and Zimin, Aleksey},
  journal={PLoS computational biology},
  volume={14},
  number={1},
  pages={e1005944},
  year={2018},
  publisher={Public Library of Science San Francisco, CA USA}
}
